@article{Araki_1963, title={Representations of the Canonical Commutation Relations Describing a Nonrelativistic Infinite Free Bose Gas}, volume={4}, ISSN={1089-7658}, url={http://dx.doi.org/10.1063/1.1704002}, DOI={10.1063/1.1704002}, number={5}, journal={Journal of Mathematical Physics}, publisher={AIP Publishing}, author={Araki, H. and Woods, E. J.}, year={1963}, month={May}, pages={637--662} }

@Article{Bogoljubov_1958, author="Bogoljubov, N. N.", title="On a new method in the theory of superconductivity", journal="Il Nuovo Cimento (1955-1965)", year="1958", month="Mar", day="01", volume="7", number="6", pages="794--805", abstract="A generalization of the method elaborated by the author for the theory of superconductivity is presented. It is shown that the original Fr{\"o}hlich model possesses the property of superconductivity. The ground state and its fermion excitations are considered.", issn="1827-6121", doi="10.1007/BF02745585", url="https://doi.org/10.1007/BF02745585"}

@article{Borrelli_2021, title={Finite temperature quantum dynamics of complex systems: Integrating thermo‐field theories and tensor‐train methods}, volume={11}, ISSN={1759-0884}, url={http://dx.doi.org/10.1002/wcms.1539}, DOI={10.1002/wcms.1539}, number={6}, journal={WIREs Computational Molecular Science}, publisher={Wiley}, author={Borrelli, Raffaele and Gelin, Maxim F.}, year={2021}, month={May} }

@article{Bunyakovsky_1859, author={Bunyakovsky, Viktor Yakovlevich}, title="Sur quelques in\'{e}galit\'{e}s concernant les int\'{e}grales ordinaires et les int\'{e}grales aux differences finies", year=1859, jounal="M\'{e}moires de l'acad\'{e}mie imp\'{e}riale des sciences de St.-P\'{e}tersbourg, VII$^e$ Series", volume=1, issue=9, pages="1-18", url={http://www-stat.wharton.upenn.edu/~steele/Publications/Books/CSMC/bunyakovsky.pdf}}

@inbook{Cauchy_1821, author={Cauchy, Augustin-Louis}, title={Note II: Sur les formules qui r\'{e}sultent de l'emploie du signe et sur $>$ ou $<$, et sur les moyennes entre plusieurs quantit\'{e}s: Theorem 16}, booktitle={Cours d'analyse de l'\'{E}cole royale polytechnique}, page=455, year=1821, publisher={de l'Imprimerie Royale, chez Debure fr\`{e}res}, address={Paris}, url={https://gallica.bnf.fr/ark:/12148/btv1b8626657t/f481.item}, notes="accessed Feb 19, 2023"}

@misc{Das_2000, title={Topics in Finite Temperature Field Theory}, author={Ashok Das}, year={2000}, url={https://arxiv.org/abs/hep-ph/0004125}, eprint={hep-ph/0004125}, archivePrefix={arXiv}, primaryClass={hep-ph}}

@article{Goedecker_2000, title={Natural Orbital Functional Theory}, ISBN={9781461542117}, ISSN={1568-217X}, url={http://dx.doi.org/10.1007/978-1-4615-4211-7_8}, DOI={10.1007/978-1-4615-4211-7_8}, journal={Many-Electron Densities and Reduced Density Matrices}, publisher={Springer US}, author={Goedecker, S. and Umrigar, C. J.}, year={2000}, pages={165--181} }

@article{Gilbert_1975, title={Hohenberg-Kohn theorem for nonlocal external potentials}, volume={12}, ISSN={0556-2805}, url={http://dx.doi.org/10.1103/PhysRevB.12.2111}, DOI={10.1103/physrevb.12.2111}, number={6}, journal={Physical Review B}, publisher={American Physical Society (APS)}, author={Gilbert, T. L.}, year={1975}, month={Sep}, pages={2111--2120} }

@article{Harsha_2019, title={Thermofield theory for finite-temperature quantum chemistry}, volume={150}, ISSN={1089-7690}, url={http://dx.doi.org/10.1063/1.5089560}, DOI={10.1063/1.5089560}, number={15}, journal={The Journal of Chemical Physics}, publisher={AIP Publishing}, author={Harsha, Gaurav and Henderson, Thomas M. and Scuseria, Gustavo E.}, year={2019}, month={Apr}, pages={154109}}

@article{Harsha_2022, title = {Thermal coupled cluster theory for SU(2) systems}, author = {Harsha, Gaurav and Xu, Yi and Henderson, Thomas M. and Scuseria, Gustavo E.}, journal = {Phys. Rev. B}, volume = {105}, issue = {4}, pages = {045125}, numpages = {13}, year = {2022}, month = {Jan}, publisher = {American Physical Society}, doi = {10.1103/PhysRevB.105.045125}, url = {https://link.aps.org/doi/10.1103/PhysRevB.105.045125}}

@article{Herbert_2003, title={N-representability and variational stability in natural orbital functional theory}, volume={118}, ISSN={1089-7690}, url={http://dx.doi.org/10.1063/1.1574787}, DOI={10.1063/1.1574787}, number={24}, journal={The Journal of Chemical Physics}, publisher={AIP Publishing}, author={Herbert, John M. and Harriman, John E.}, year={2003}, month={Jun}, pages={10835--10846} }

 @article{Hohenberg_1964, title={Inhomogeneous Electron Gas}, volume={136}, ISSN={0031-899X}, url={http://dx.doi.org/10.1103/PhysRev.136.B864}, DOI={10.1103/physrev.136.b864}, number={3B}, journal={Physical Review}, publisher={American Physical Society (APS)}, author={Hohenberg, P. and Kohn, W.}, year={1964}, month={Nov}, pages={B864--B871} }
 
 @inbook{Mazziotti:2007, author = {Mazziotti, David A.}, publisher = {John Wiley & Sons, Ltd}, isbn = {9780470106600}, title = {Variational Two-Electron Reduced-Density-Matrix Theory}, booktitle = {Reduced‐Density‐Matrix Mechanics: With Application to Many‐Electron Atoms and Molecules}, chapter = {3}, pages = {19-59}, doi = {https://doi.org/10.1002/9780470106600.ch3}, url = {https://onlinelibrary.wiley.com/doi/abs/10.1002/9780470106600.ch3}, eprint = {https://onlinelibrary.wiley.com/doi/pdf/10.1002/9780470106600.ch3}, year = {2007}, keywords = {variational two-electron reduced-density-matrix theory, particle–hole duality, spin and spatial symmetry adaptation}}
 
 @article{Nooijen_2021, title={Normal ordered exponential approach to thermal properties and time-correlation functions: general theory and simple examples}, volume={119}, ISSN={1362-3028}, url={http://dx.doi.org/10.1080/00268976.2021.1980832}, DOI={10.1080/00268976.2021.1980832}, number={21--22}, journal={Molecular Physics}, publisher={Informa UK Limited}, author={Nooijen, Marcel and Bao, Songhao}, year={2021}, month={Oct} }
 
 @article{Schwarz_1888, author={Schwarz, H. A.}, title={\"{U}ber ein Fl\"{a}chen kleinsten Fl\"{a}cheninhalts betreffendes Problem der Variationsrechnung}, year=1888, journal="Acta Societatis Scientiarum Fennicae", volume=15, pages="315-361",  url={https://www.biodiversitylibrary.org/item/52183#page/7/mode/1up}}
 
 @article{Shushkov_2019, title={Real-time density-matrix coupled-cluster approach for closed and open systems at finite temperature}, volume={151}, ISSN={1089-7690}, url={http://dx.doi.org/10.1063/1.5121749}, DOI={10.1063/1.5121749}, number={13}, journal={The Journal of Chemical Physics}, publisher={AIP Publishing}, author={Shushkov, Philip and Miller, Thomas F.}, year={2019}, month={Oct}, pages={134107}}
 
 @article{Takahashi_1975, title={THERMO FIELD DYNAMICS}, volume={2}, journal={Collective Phenomena}, publisher={Gordon and Breach Scientific Publishers Ltd.}, author={Takahashi, Yasushi and Umezawa, Hiroomi}, year={1975}, pages={55--80}}
 
 @article{Takahashi_1996, title={THERMO FIELD DYNAMICS}, volume={10}, ISSN={1793-6578}, url={http://dx.doi.org/10.1142/S0217979296000817}, DOI={10.1142/s0217979296000817}, number={13n14}, journal={International Journal of Modern Physics B}, publisher={World Scientific Pub Co Pte Lt}, author={Takahashi, Yasushi and Umezawa, Hiroomi}, year={1996}, month={Jun}, pages={1755--1805} }
 
 
 
 
 
 
 
 
 
 

