 @article{Piris_2012, title={A natural orbital functional based on an explicit approach of the two-electron cumulant}, volume={113}, ISSN={0020-7608}, url={http://dx.doi.org/10.1002/qua.24020}, DOI={10.1002/qua.24020}, number={5}, journal={International Journal of Quantum Chemistry}, publisher={Wiley}, author={Piris, M.}, year={2012}, month={Feb}, pages={620--630}}

 @article{Ojima, title={Covariant operator formalism of gauge theories and its extension to finite temperature}, ISBN={9783540394709}, url={http://dx.doi.org/10.1007/3-540-11994-9_25}, DOI={10.1007/3-540-11994-9_25}, journal={Lecture Notes in Physics}, publisher={Springer Berlin Heidelberg}, author={Ojima, Izumi}, pages={161--165}}

 @article{Gorban, title={Basic Types of Coarse-Graining}, ISBN={9783540358855}, url={http://dx.doi.org/10.1007/3-540-35888-9_7}, DOI={10.1007/3-540-35888-9_7}, journal={Model Reduction and Coarse-Graining Approaches for Multiscale Phenomena}, publisher={Springer Berlin Heidelberg}, author={Gorban, A. N.}, pages={117--176}}

 @article{Surj_n_1989, title={The Brillouin Theorem}, ISBN={9783642747557}, url={http://dx.doi.org/10.1007/978-3-642-74755-7_11}, DOI={10.1007/978-3-642-74755-7_11}, journal={Second Quantized Approach to Quantum Chemistry}, publisher={Springer Berlin Heidelberg}, author={Surj{\'a}n, PÃ©ter R.}, year={1989}, pages={87--92}}

 @article{Fermi_1926, title={Zur Quantelung des idealen einatomigen Gases}, volume={36}, ISSN={1434-601X}, url={http://dx.doi.org/10.1007/BF01400221}, DOI={10.1007/bf01400221}, number={11-12}, journal={Zeitschrift f{\"u}r Physik}, publisher={Springer Science and Business Media LLC}, author={Fermi, E.}, year={1926}, month={Nov}, pages={902--912}}

 @article{Haag_1967, title={On the equilibrium states in quantum statistical mechanics}, volume={5}, ISSN={1432-0916}, url={http://dx.doi.org/10.1007/BF01646342}, DOI={10.1007/bf01646342}, number={3}, journal={Communications in Mathematical Physics}, publisher={Springer Science and Business Media LLC}, author={Haag, R. and Hugenholtz, N. M. and Winnink, M.}, year={1967}, month={Jun}, pages={215--236}}

 @article{Warren_1996, title={Fractional occupation numbers and density functional energy gradients within the linear combination of Gaussian-type orbitals approach}, volume={262}, ISSN={0009-2614}, url={http://dx.doi.org/10.1016/0009-2614(96)01107-4}, DOI={10.1016/0009-2614(96)01107-4}, number={3-4}, journal={Chemical Physics Letters}, publisher={Elsevier BV}, author={Warren, R.W. and Dunlap, B.I.}, year={1996}, month={Nov}, pages={384--392}}

 @article{Hatsuda_1989, title={Mean field theory and boson expansion at finite temperature on the basis of the thermo field dynamics}, volume={492}, ISSN={0375-9474}, url={http://dx.doi.org/10.1016/0375-9474(89)90081-X}, DOI={10.1016/0375-9474(89)90081-x}, number={2}, journal={Nuclear Physics A}, publisher={Elsevier BV}, author={Hatsuda, Tetsuo}, year={1989}, month={Feb}, pages={187--204}}

 @article{Walet_1990, title={Thermal boson expansions and dynamical symmetry}, volume={510}, ISSN={0375-9474}, url={http://dx.doi.org/10.1016/0375-9474(90)90239-I}, DOI={10.1016/0375-9474(90)90239-i}, number={2}, journal={Nuclear Physics A}, publisher={Elsevier BV}, author={Walet, Niels R. and Klein, Abraham}, year={1990}, month={Apr}, pages={261--284}}

 @article{M_ller_1984, title={Explicit approximate relation between reduced two- and one-particle density matrices}, volume={105}, ISSN={0375-9601}, url={http://dx.doi.org/10.1016/0375-9601(84)91034-x}, DOI={10.1016/0375-9601(84)91034-x}, number={9}, journal={Physics Letters A}, publisher={Elsevier BV}, author={M{\"u}ller, A.M.K.}, year={1984}, month={Nov}, pages={446--452}}

 @article{Mazziotti_2001, title={Energy functional of the one-particle reduced density matrix: a geminal approach}, volume={338}, ISSN={0009-2614}, url={http://dx.doi.org/10.1016/S0009-2614(01)00251-2}, DOI={10.1016/s0009-2614(01)00251-2}, number={4-6}, journal={Chemical Physics Letters}, publisher={Elsevier BV}, author={Mazziotti, David A}, year={2001}, month={Apr}, pages={323--328}}

 @article{Kowalski_1998, title={Full solution to the coupled-cluster equations: the H4 model}, volume={290}, ISSN={0009-2614}, url={http://dx.doi.org/10.1016/S0009-2614(98)00464-3}, DOI={10.1016/s0009-2614(98)00464-3}, number={1-3}, journal={Chemical Physics Letters}, publisher={Elsevier BV}, author={Kowalski, K and Jankowski, K}, year={1998}, month={Jun}, pages={180--188}}

 @article{Surj_n_2001, title={On the convergence of the coupled-cluster sequence: the H8 model}, volume={547}, ISSN={0166-1280}, url={http://dx.doi.org/10.1016/S0166-1280(01)00466-3}, DOI={10.1016/s0166-1280(01)00466-3}, number={1-3}, journal={Journal of Molecular Structure: THEOCHEM}, publisher={Elsevier BV}, author={Surj{\'a}n, P.R. and K{\'a}llay, M.}, year={2001}, month={Jul}, pages={145--151}}

 @article{Valiev_2010, title={NWChem: A comprehensive and scalable open-source solution for large scale molecular simulations}, volume={181}, ISSN={0010-4655}, url={http://dx.doi.org/10.1016/j.cpc.2010.04.018}, DOI={10.1016/j.cpc.2010.04.018}, number={9}, journal={Computer Physics Communications}, publisher={Elsevier BV}, author={Valiev, M. and Bylaska, E.J. and Govind, N. and Kowalski, K. and Straatsma, T.P. and Van Dam, H.J.J. and Wang, D. and Nieplocha, J. and Apra, E. and Windus, T.L. and et al.}, year={2010}, month={Sep}, pages={1477--1489}}

 @article{Schuchardt_2007, title={Basis Set Exchange:  A Community Database for Computational Sciences}, volume={47}, ISSN={1549-960X}, url={http://dx.doi.org/10.1021/ci600510j}, DOI={10.1021/ci600510j}, number={3}, journal={Journal of Chemical Information and Modeling}, publisher={American Chemical Society (ACS)}, author={Schuchardt, Karen L. and Didier, Brett T. and Elsethagen, Todd and Sun, Lisong and Gurumoorthi, Vidhya and Chase, Jared and Li, Jun and Windus, Theresa L.}, year={2007}, month={Apr}, pages={1045--1052}}

 @article{Ross_1952, title={Calculations of the energy levels of acetylene by the method of antisymmetric molecular orbitals, including?-? interaction}, volume={48}, ISSN={0014-7672}, url={http://dx.doi.org/10.1039/TF9524800973}, DOI={10.1039/tf9524800973}, journal={Transactions of the Faraday Society}, publisher={Royal Society of Chemistry (RSC)}, author={Ross, I. G.}, year={1952}, pages={973}}

 @article{Araki_1963, title={Representations of the Canonical Commutation Relations Describing a Nonrelativistic Infinite Free Bose Gas}, volume={4}, ISSN={1089-7658}, url={http://dx.doi.org/10.1063/1.1704002}, DOI={10.1063/1.1704002}, number={5}, journal={Journal of Mathematical Physics}, publisher={AIP Publishing}, author={Araki, H. and Woods, E. J.}, year={1963}, month={May}, pages={637--662}}

 @article{Garrod_1964, title={Reduction of the $N$-Particle Variational Problem}, volume={5}, ISSN={1089-7658}, url={http://dx.doi.org/10.1063/1.1704098}, DOI={10.1063/1.1704098}, number={12}, journal={Journal of Mathematical Physics}, publisher={AIP Publishing}, author={Garrod, Claude and Percus, Jerome K.}, year={1964}, month={Dec}, pages={1756--1776}}

 @article{Gritsenko_2005, title={An improved density matrix functional by physically motivated repulsive corrections}, volume={122}, ISSN={1089-7690}, url={http://dx.doi.org/10.1063/1.1906203}, DOI={10.1063/1.1906203}, number={20}, journal={The Journal of Chemical Physics}, publisher={AIP Publishing}, author={Gritsenko, Oleg and Pernal, Katarzyna and Baerends, Evert Jan}, year={2005}, month={May}, pages={204102}}

 @article{Harsha_2019, title={Thermofield theory for finite-temperature quantum chemistry}, volume={150}, ISSN={1089-7690}, url={http://dx.doi.org/10.1063/1.5089560}, DOI={10.1063/1.5089560}, number={15}, journal={The Journal of Chemical Physics}, publisher={AIP Publishing}, author={Harsha, Gaurav and Henderson, Thomas M. and Scuseria, Gustavo E.}, year={2019}, month={Apr}, pages={154109}}

 @article{Shushkov_2019, title={Real-time density-matrix coupled-cluster approach for closed and open systems at finite temperature}, volume={151}, ISSN={1089-7690}, url={http://dx.doi.org/10.1063/1.5121749}, DOI={10.1063/1.5121749}, number={13}, journal={The Journal of Chemical Physics}, publisher={AIP Publishing}, author={Shushkov, Philip and Miller, Thomas F.}, year={2019}, month={Oct}, pages={134107}}

 @article{BUIJSE_2002, title={An approximate exchange-correlation hole density as a functional of the natural orbitals}, volume={100}, ISSN={1362-3028}, url={http://dx.doi.org/10.1080/00268970110070243}, DOI={10.1080/00268970110070243}, number={4}, journal={Molecular Physics}, publisher={Informa UK Limited}, author={BUIJSE, M. A. and BAERENDS, E. J.}, year={2002}, month={Feb}, pages={401--421}}

 @article{Gillan_1989, title={Calculation of the vacancy formation energy in aluminium}, volume={1}, ISSN={1361-648X}, url={http://dx.doi.org/10.1088/0953-8984/1/4/005}, DOI={10.1088/0953-8984/1/4/005}, number={4}, journal={Journal of Physics: Condensed Matter}, publisher={IOP Publishing}, author={Gillan, M J}, year={1989}, month={Jan}, pages={689--711}}

 @article{Dirac_1926, title={On the Theory of Quantum Mechanics}, volume={112}, ISSN={1471-2946}, url={http://dx.doi.org/10.1098/rspa.1926.0133}, DOI={10.1098/rspa.1926.0133}, number={762}, journal={Proceedings of the Royal Society A: Mathematical, Physical and Engineering Sciences}, publisher={The Royal Society}, author={Dirac, P. A. M.}, year={1926}, month={Oct}, pages={661--677}}

 @article{Mermin_1965, title={Thermal Properties of the Inhomogeneous Electron Gas}, volume={137}, ISSN={0031-899X}, url={http://dx.doi.org/10.1103/PhysRev.137.A1441}, DOI={10.1103/physrev.137.a1441}, number={5A}, journal={Physical Review}, publisher={American Physical Society (APS)}, author={Mermin, N. David}, year={1965}, month={Mar}, pages={A1441--A1443}}

 @article{Marques_2008, title={Empirical functionals for reduced-density-matrix-functional theory}, volume={77}, ISSN={1094-1622}, url={http://dx.doi.org/10.1103/PhysRevA.77.032509}, DOI={10.1103/physreva.77.032509}, number={3}, journal={Physical Review A}, publisher={American Physical Society (APS)}, author={Marques, Miguel A. L. and Lathiotakis, N. N.}, year={2008}, month={Mar}}

 @article{Wang_2015, title={Nonuniqueness of algebraic first-order density-matrix functionals}, volume={92}, ISSN={1094-1622}, url={http://dx.doi.org/10.1103/PhysRevA.92.012520}, DOI={10.1103/physreva.92.012520}, number={1}, journal={Physical Review A}, publisher={American Physical Society (APS)}, author={Wang, Jian and Knowles, Peter J.}, year={2015}, month={Jul}}

 @article{Gilbert_1975, title={Hohenberg-Kohn theorem for nonlocal external potentials}, volume={12}, ISSN={0556-2805}, url={http://dx.doi.org/10.1103/PhysRevB.12.2111}, DOI={10.1103/physrevb.12.2111}, number={6}, journal={Physical Review B}, publisher={American Physical Society (APS)}, author={Gilbert, T. L.}, year={1975}, month={Sep}, pages={2111--2120}}

 @article{Weinert_1992, title={Fractional occupations and density-functional energies and forces}, volume={45}, ISSN={1095-3795}, url={http://dx.doi.org/10.1103/PhysRevB.45.13709}, DOI={10.1103/physrevb.45.13709}, number={23}, journal={Physical Review B}, publisher={American Physical Society (APS)}, author={Weinert, M. and Davenport, J. W.}, year={1992}, month={Jun}, pages={13709--13712}}

 @article{Cs_nyi_2000, title={Tensor product expansions for correlation in quantum many-body systems}, volume={61}, ISSN={1095-3795}, url={http://dx.doi.org/10.1103/PhysRevB.61.7348}, DOI={10.1103/physrevb.61.7348}, number={11}, journal={Physical Review B}, publisher={American Physical Society (APS)}, author={Cs{\'a}nyi, G{\'a}bor and Arias, T. A.}, year={2000}, month={Mar}, pages={7348--7352}}

 @article{Goedecker_1998, title={Natural Orbital Functional for the Many-Electron Problem}, volume={81}, ISSN={1079-7114}, url={http://dx.doi.org/10.1103/PhysRevLett.81.866}, DOI={10.1103/physrevlett.81.866}, number={4}, journal={Physical Review Letters}, publisher={American Physical Society (APS)}, author={Goedecker, S. and Umrigar, C. J.}, year={1998}, month={Jul}, pages={866--869}}

 @article{Coleman_1963, title={Structure of Fermion Density Matrices}, volume={35}, ISSN={0034-6861}, url={http://dx.doi.org/10.1103/RevModPhys.35.668}, DOI={10.1103/revmodphys.35.668}, number={3}, journal={Reviews of Modern Physics}, publisher={American Physical Society (APS)}, author={Coleman, A. J.}, year={1963}, month={Jul}, pages={668--686}}

 @article{van_Dam_2016, title={Generalization of the Kohn-Sham system that can represent arbitrary one-electron density matrices}, volume={93}, ISSN={2469-9934}, url={http://dx.doi.org/10.1103/physreva.93.052512}, DOI={10.1103/physreva.93.052512}, number={5}, journal={Physical Review A}, publisher={American Physical Society (APS)}, author={van Dam, Hubertus J. J.}, year={2016}, month={May}}

 @article{Piris_2017, title={Comment on ``Generalization of the Kohn-Sham system that can represent arbitrary one-electron density matrices''}, volume={96}, ISSN={2469-9934}, url={http://dx.doi.org/10.1103/physreva.96.046501}, DOI={10.1103/physreva.96.046501}, number={4}, journal={Physical Review A}, publisher={American Physical Society (APS)}, author={Piris, Mario and Pernal, Katarzyna}, year={2017}, month={Oct}}

 @article{TAKAHASHI_1996, title={THERMO FIELD DYNAMICS}, volume={10}, ISSN={1793-6578}, url={http://dx.doi.org/10.1142/s0217979296000817}, DOI={10.1142/s0217979296000817}, number={13n14}, journal={International Journal of Modern Physics B}, publisher={World Scientific Pub Co Pte Lt}, author={TAKAHASHI, YASUSHI and UMEZAWA, HIROOMI}, year={1996}, month={Jun}, pages={1755--1805}}

