@ARTICLE{HvD_2015,
   author = {{van Dam}, H.~J.~J.},
    title = "{Generalization of the Kohn-Sham system that can represent arbitary one electron density matrices}",
  journal = {ArXiv e-prints},
archivePrefix = "arXiv",
   eprint = {1512.06120},
 primaryClass = "physics.chem-ph",
 keywords = {Physics - Chemical Physics, Quantum Physics},
     year = 2015,
    month = dec,
   adsurl = {http://adsabs.harvard.edu/abs/2015arXiv151206120V},
  adsnote = {Provided by the SAO/NASA Astrophysics Data System}
}
@book{Umezawa:1982,
  title = {Thermo field dynamics and condensed states},
  author = {Umezawa, H. and Matsumoto, H. and Tachiki, M.},
  year = {1982},
  publisher = {North-Holland Pub. Co.},
  isbn = {0-444-86361-3}
}
@misc{das2000topics,
  title={Topics in Finite Temperature Field Theory},
  author={Ashok Das},
  year={2000},
  url={http://cds.cern.ch/record/434605/files/0004125.pdf},
  eprint={hep-ph/0004125},
  archivePrefix={arXiv},
  primaryClass={hep-ph}
}
@article{Araki:1964,
  doi = {10.5169/seals-113476},
  url = {http://doi.org/10.5169/seals-113476},
  title = {Representations of canonical anticommutation relations},
  author = {Araki, Huzihiro and Wyss, Walter},
  journal = {Helvetica Physica Acta},
  year = {1964},
  volume = 37,
  pages = {136-159}
}`
